@book{baudry2024a,
  title = {Book of {{Abstracts}}},
  editor = {Baudry, Jérôme and Burkart, Lucas and Joyeux-Prunel, Béatrice and Kurmann, Eliane and Mähr, Moritz and Natale, Enrico and Sibille, Christiane and Twente, Moritz},
  date = {2024},
  edition = {Digital History Switzerland 2024},
  publisher = {Zenodo},
  location = {Basel},
  url = {https://digihistch24.github.io/book-of-abstracts/},
  langid = {english}
}

@online{baudry2024b,
  title = {Historical {{Research}}, {{Digital Literacy}} and {{Algorithmic Criticism}}},
  author = {Baudry, Jérôme and Burkart, Lucas and Joyeux-Prunel, Béatrice and Kurmann, Eliane and Mähr, Moritz and Natale, Enrico and Sibille, Christiane and Twente, Moritz},
  date = {2024-08-06},
  url = {https://digihistch24.github.io/},
  abstract = {The DigiHistCH24 conference on “Historical Research, Digital Literacy, and Algorithmic Criticism,” hosted by the University of Basel on September 12-13, 2024, explores the integration of digital tools and the critical role of algorithms in historical research. This book of abstracts features all presented papers, offering insights into cutting-edge methodologies, software applications, and challenges in digital history.},
  langid = {english},
  organization = {DigiHistCH24},
  file = {/Users/maehr0000/Zotero/storage/QFHCN5P2/digihistch24.github.io.html}
}

@article{borgman2012,
  title = {The Conundrum of Sharing Research Data},
  author = {Borgman, Christine L.},
  date = {2012},
  journaltitle = {Journal of the American Society for Information Science and Technology},
  volume = {63},
  number = {6},
  pages = {1059--1078},
  issn = {1532-2890},
  doi = {10.1002/asi.22634},
  url = {https://onlinelibrary.wiley.com/doi/abs/10.1002/asi.22634},
  abstract = {We must all accept that science is data and that data are science, and thus provide for, and justify the need for the support of, much-improved data curation. (Hanson, Sugden, \& Alberts, ) Researchers are producing an unprecedented deluge of data by using new methods and instrumentation. Others may wish to mine these data for new discoveries and innovations. However, research data are not readily available as sharing is common in only a few fields such as astronomy and genomics. Data sharing practices in other fields vary widely. Moreover, research data take many forms, are handled in many ways, using many approaches, and often are difficult to interpret once removed from their initial context. Data sharing is thus a conundrum. Four rationales for sharing data are examined, drawing examples from the sciences, social sciences, and humanities: (1) to reproduce or to verify research, (2) to make results of publicly funded research available to the public, (3) to enable others to ask new questions of extant data, and (4) to advance the state of research and innovation. These rationales differ by the arguments for sharing, by beneficiaries, and by the motivations and incentives of the many stakeholders involved. The challenges are to understand which data might be shared, by whom, with whom, under what conditions, why, and to what effects. Answers will inform data policy and practice.},
  langid = {english},
  keywords = {collaboration,information policy,information reuse,motivation,research data sets},
  file = {/Users/maehr0000/Zotero/storage/3THNL6FC/asi.html}
}

@incollection{diekjobst2024a,
  title = {2.3. Mit Standards forschen und Handlungsräume schaffen},
  author = {Diekjobst, Anne and Geelhaar, Tim and Hodel, Tobias and Mähr, Moritz and Seltmann, Melanie},
  namea = {Deicke, Aline and Geiger, Jonathan D. and Lemaire, Marina and Schmunk, Stefan},
  nameatype = {collaborator},
  date = {2024},
  publisher = {Zenodo},
  doi = {10.5281/ZENODO.12656766},
  url = {https://zenodo.org/doi/10.5281/zenodo.12656766},
  abstract = {Standards und standardisierte Workflows beeinflussen Inhalt, Form und Interpretation historischen Materials stark. Historische Beispiele wie Urkunden zeigen die lange Geschichte der Standardisierung. In der digitalen Ära sind Standards wie das TEI-Format für digitale Editionen unerlässlich, jedoch können sie auch zu Missverständnissen führen, wie das Beispiel der Hanserezesse zeigt. Die Digitalisierung erweitert den Erschließungsprozess durch zusätzliche Ebenen der Standardisierung, was die Interpretation erschweren kann. Das Kapitel betont die Bedeutung eines reflektierten Umgangs mit Standards und zielt darauf ab, Kompetenzen im Umgang mit digitalen Daten zu fördern. Es richtet sich an ein breites Publikum und zeigt, wie Standards Handlungsspielräume schaffen und die Auswertung beeinflussen. Es behandelt die Bedeutung von Standards, digitale Standards in den Geisteswissenschaften, ihren Einsatz im Arbeitsprozess und den kritischen Umgang mit ihnen. Abschließend bietet es einen Ausblick auf die Möglichkeiten standardisierter Daten im Semantic Web.},
  langid = {ngerman},
  version = {1.0},
  keywords = {Datenmodelle,Digitale Edition,Digitale Quellenkritik,Digitalisierung,Geisteswissenschaften,Interdisziplinarität,Metadaten,Standards}
}

@online{digitalhumanitiesbern2025,
  title = {Blog},
  author = {{Digital Humanities Bern}},
  date = {2025},
  url = {https://dhbern.github.io/},
  abstract = {Blog for the Digital Humanities Bern research group at the University of Bern. The site aggregates blog posts, project descriptions, and event announcements produced by members of the Digital Humanities team.},
  langid = {english},
  organization = {dhbern.github.io},
  file = {/Users/maehr0000/Zotero/storage/HDNEL9Q3/dhbern.github.io.html}
}

@report{gabay2023,
  type = {White-Paper},
  title = {Datenstandards für die historische Forschung – Ein White-Paper der Schweizerischen Gesellschaft für Geschichte},
  shorttitle = {Datenstandards für die historische Forschung},
  author = {Gabay, Simon and Hodel, Tobias and Mähr, Moritz and Nellen, Stefan and Roth-Lochner, Barbara and Sutter, Pascale and Voellmin, Andrea and family=Wartburg, given=Karin, prefix=von, useprefix=true},
  date = {2023-11-10},
  institution = {Schweizerische Gesellschaft für Geschichte},
  url = {https://doi.org/10.5281/zenodo.10122052},
  abstract = {Das Papier stellt ein Glossar und einen Katalog zur Verfügung mit den wichtigsten Standards zur Erzeugung von Interoperabilität, sodass digitale Geschichtsprojekte möglichst einfach von Dritten nachgenutzt und verlinkt werden können. Das Papier fokussiert auf technische Standards.},
  langid = {ngerman},
  keywords = {digital history,history,standards},
  annotation = {DOI\_: 10.5281/zenodo.10122052\\
URL\_: https://zenodo.org/records/10122052},
  file = {/Users/maehr0000/Zotero/storage/QRQ5EQ6S/Datenstandards für die historische Forschung – Ein White-Paper der Schweizerischen Gesellschaft für .pdf}
}

@online{goerlich2023,
  title = {Forschungsdatenplattform von Stadt.Geschichte.Basel},
  author = {Görlich, Nico and Mähr, Moritz and Münch, Cristina and Schnegg, Noëlle and Twente, Moritz},
  date = {2023},
  url = {https://forschung.stadtgeschichtebasel.ch/},
  abstract = {Auf der Forschungsdatenplattform von Stadt.Geschichte.Basel finden Sie nachnutzbare Quellen und Daten zur Geschichte der Stadt Basel.},
  langid = {ngerman},
  organization = {Forschungsdatenplattform Stadt.Geschichte.Basel},
  file = {/Users/maehr0000/Zotero/storage/4YKJA5YN/forschung.stadtgeschichtebasel.ch.html}
}

@online{hiltmann2018,
  type = {Billet},
  title = {Forschungsdaten in der (digitalen) Geschichtswissenschaft. Warum sie wichtig sind und wir gemeinsame Standards brauchen},
  author = {Hiltmann, Torsten},
  date = {2018-09-17},
  issn = {2199-0603},
  doi = {10.58079/nmku},
  url = {https://digigw.hypotheses.org/2622},
  abstract = {Wie in vielen anderen Wissenschaftsbereichen werden auch in der Geschichtswissenschaft die Forschungsdaten eine immer größere Rolle spielen. Sie sind Folge der Digitalisierung und zugleich deren Voraussetzung. Doch was genau sind geschichtswissenschaftliche Forschungsdaten, weshalb braucht man sie und wie soll man mit ihnen umgehen? Zahlreiche Fragen sind noch offen und bedürfen einer gemeinsamen Diskussion, für die … „Forschungsdaten in der (digitalen) Geschichtswissenschaft. Warum sie wichtig sind und wir gemeinsame Standards brauchen“ weiterlesen},
  langid = {ngerman},
  organization = {Digitale Geschichtswissenschaft},
  keywords = {archived},
  file = {/Users/maehr0000/Zotero/storage/I7YEG6GY/2622.html}
}

@online{huber2024,
  title = {Decoding Inequality 2025},
  author = {Huber, Rachel and Mähr, Moritz},
  date = {2024-10-22},
  url = {https://dhbern.github.io/decoding-inequality-2025/},
  abstract = {Decoding Inequality 2025 is a course website that hosts lecture notes, datasets for student exercises, and an interactive bibliography on machine learning and social inequality. It includes contributions from students and remains as a publicly accessible resource.},
  langid = {nswissgerman},
  organization = {Decoding Inequality 2025},
  file = {/Users/maehr0000/Zotero/storage/JFA5MQTP/decoding-inequality-2025.html}
}

@article{joyeux-prunel2024a,
  title = {Digital Humanities in the Era of Digital Reproducibility: Towards a Fairest and Post-Computational Framework},
  shorttitle = {Digital Humanities in the Era of Digital Reproducibility},
  author = {Joyeux-Prunel, Béatrice},
  date = {2024-04-01},
  journaltitle = {International Journal of Digital Humanities},
  shortjournal = {Int J Digit Humanities},
  volume = {6},
  number = {1},
  pages = {23--43},
  issn = {2524-7840},
  doi = {10.1007/s42803-023-00079-6},
  url = {https://doi.org/10.1007/s42803-023-00079-6},
  abstract = {Reproducibility has become a requirement in the hard sciences, and its adoption is gradually extending to the digital humanities. The FAIR criteria and the publication of data papers are both indicative of this trend. However, the question that arises is whether the strict prerequisites of digital reproducibility serve only to exclude digital humanities from broader humanities scholarship. Instead of adopting a binary approach, an alternative method acknowledges the unique features of the objects, inquiries, and techniques of the humanities, including digital humanities, as well as the social and historical contexts in which the concept of reproducibility has developed in the human sciences. In the first part of this paper, I propose to examine the historical and disciplinary context in which the concept of reproducibility has developed within the human sciences, and the disciplinary struggles involved in this process, especially for art history and literature studies. In the second part, I will explore the question of reproducibility through two art history research projects that utilize various computational methods. I argue that issues of corpus, method, and interpretation cannot be separated, rendering a procedural definition of reproducibility impractical. Consequently, I propose the adoption of ‘post-computational reproducibility’, which is based on FAIREST criteria as far as digital corpora are concerned (FAIR\,+\,Ethics and Expertise, Source mention\,+\,Time-Stamp), but extended to include further sources that confirm computational results with other non-computational methodologies.},
  langid = {english},
  keywords = {Computational Anthropology,Data,Digital art history,Digital Culture,Digital humanities,Digital Humanities,Distant reading,FAIR principles,Historiography and Method,Humanities and Social Sciences,Post-Processual Archaeology,Reproducibility},
  file = {/Users/maehr0000/Zotero/storage/I4DQEWFL/Joyeux-Prunel - 2024 - Digital humanities in the era of digital reproducibility towards a fairest and post-computational f.pdf}
}

@article{maehr2024d,
  title = {Handbuch zur Erstellung diskriminierungsfreier Metadaten für historische Quellen und Forschungsdaten},
  author = {Mähr, Moritz and Schnegg, Noëlle},
  date = {2024-05-07},
  doi = {10.5281/zenodo.11124720},
  url = {https://maehr.github.io/diskriminierungsfreie-metadaten/},
  abstract = {Dieses Handbuch ist ein Leitfaden zur Erstellung von diskriminierungsfreien Metadaten für historische Quellen und Forschungsdaten, der im Rahmen des Forschungsprojekts Stadt.Geschichte.Basel entwickelt wurde. Es richtet sich an professionelle Historiker\textbackslash *innen, Archivar\textbackslash *innen, Bibliothekar\textbackslash *innen und alle, die sich mit Open Research Data in den Geschichtswissenschaften beschäftigen. Die Autor\textbackslash *innen Moritz Mähr und Noëlle Schnegg führen durch die praktischen Aspekte der Erstellung von Metadaten, basierend auf den FAIR-Prinzipien, um Forschungsdaten auffindbar, zugänglich, interoperabel und nachnutzbar zu machen. Durch praktische Anleitungen und illustrierte Fallbeispiele zeigt das Handbuch, wie maschinenlesbare Metadaten Forschung und Lehre bereichern und die Interpretation historischer Quellen beeinflussen können. Als öffentlich zugängliches \&amp;quot;Living Document" ist es auf eine kontinuierliche Weiterentwicklung durch die Community ausgelegt und verpflichtet sich zu einer inklusiven und diskriminierungsfreien Darstellung historischer Inhalte. Das Handbuch ist eine grundlegende Ressource für alle, die sich mit moderner digitaler Geschichtswissenschaft und Open Research Data beschäftigen wollen.},
  langid = {nswissgerman},
  file = {/Users/maehr0000/Zotero/storage/5DE5HBN6/diskriminierungsfreie-metadaten.html}
}

@online{maehr2024g,
  title = {Stadt.Geschichte.Basel RDM},
  author = {Mähr, Moritz and Schnegg, Noëlle and Twente, Moritz},
  date = {2024-12-06},
  url = {https://dokumentation.stadtgeschichtebasel.ch/},
  abstract = {The Stadt.Geschichte.Basel RDM site documents the work of the research data management and public history team. It provides examples of research data workflows, presentations, and community engagement activities. The site emphasises good practices for open data in public history.},
  langid = {ngerman},
  organization = {stadt-geschichte-basel.github.io},
  file = {/Users/maehr0000/Zotero/storage/Q4EANL6T/dokumentation.stadtgeschichtebasel.ch.html}
}

@online{mahr2023g,
  title = {Open {{Research Data Template}}},
  author = {Mähr, Moritz and Twente, Moritz},
  date = {2023-03-15},
  url = {https://maehr.github.io/open-research-data-template/},
  abstract = {GitHub template for FAIR and open research data is a Quarto-based repository that provides a reusable scaffold for organising, publishing and archiving open research data. It includes a standard project structure, continuous integration workflows for automated testing and deployment, and integration with Zenodo to mint DOIs for releases.},
  langid = {english},
  organization = {GitHub template for FAIR and open research data},
  file = {/Users/maehr0000/Zotero/storage/NYP4VJFN/open-research-data-template.html}
}

@software{mahr2025h,
  title = {One {{Template}} to {{Rule Them All}}: {{Interactive Research Data Documentation}} with {{Quarto}}},
  shorttitle = {One {{Template}} to {{Rule Them All}}},
  author = {Mähr, Moritz and Twente, Moritz},
  date = {2025-07-17},
  doi = {10.5281/ZENODO.16045573},
  url = {https://zenodo.org/doi/10.5281/zenodo.16045573},
  abstract = {This repository contains the presentation materials for "One Template to Rule Them All: Interactive Research Data Documentation with Quarto", presented by Moritz Mähr and Moritz Twente at the Digital Humanities Tech Symposium (DHTech), DH2025, NOVA University, Lisbon. It introduces the Open Research Data Template—a GitHub-based Quarto framework for interactive, executable, and reusable research data documentation—demonstrated with real-world DH projects.},
  organization = {Zenodo},
  version = {v1.0.0},
  keywords = {digital humanities,executable notebooks,FAIR data,GitHub Actions,interactive documentation,multi-language support,open research data,Quarto,reproducible research,research data management}
}

@report{ruediger2023,
  title = {Are the {{Humanities Ready}} for {{Data Sharing}}?},
  author = {Ruediger, Dylan and MacDougall, Ruby},
  date = {2023-03-06},
  institution = {Ithaka S+R},
  doi = {10.18665/sr.318526},
  url = {http://sr.ithaka.org/?p=318526},
  file = {/Users/maehr0000/Zotero/storage/TUYF5HUR/Ruediger and MacDougall - 2023 - Are the Humanities Ready for Data Sharing.pdf}
}

@article{rule2019,
  title = {Ten Simple Rules for Writing and Sharing Computational Analyses in {{Jupyter Notebooks}}},
  author = {Rule, Adam and Birmingham, Amanda and Zuniga, Cristal and Altintas, Ilkay and Huang, Shih-Cheng and Knight, Rob and Moshiri, Niema and Nguyen, Mai H. and Rosenthal, Sara Brin and Pérez, Fernando and Rose, Peter W.},
  date = {2019-07-25},
  journaltitle = {PLOS Computational Biology},
  shortjournal = {PLOS Computational Biology},
  volume = {15},
  number = {7},
  pages = {e1007007},
  publisher = {Public Library of Science},
  issn = {1553-7358},
  doi = {10.1371/journal.pcbi.1007007},
  url = {https://journals.plos.org/ploscompbiol/article?id=10.1371/journal.pcbi.1007007},
  langid = {english},
  keywords = {Analysts,Computer and information sciences,Computer hardware,Computer software,Ecosystems,Graphical user interfaces,Metadata,Reproducibility},
  file = {/Users/maehr0000/Zotero/storage/8UNR7KDF/Rule et al. - 2019 - Ten simple rules for writing and sharing computational analyses in Jupyter Notebooks.pdf}
}

@software{theturingwaycommunity2025,
  title = {The {{Turing Way}}: {{A}} Handbook for Reproducible, Ethical and Collaborative Research},
  shorttitle = {The {{Turing Way}}},
  author = {{The Turing Way Community}},
  date = {2025-04-14},
  doi = {10.5281/ZENODO.15213042},
  url = {https://zenodo.org/doi/10.5281/zenodo.15213042},
  abstract = {The Turing Way: A handbook for reproducible, ethical and collaborative research The Turing Way April 2024 Latest The Turing Way is an open source community-driven guide to reproducible, ethical, inclusive and collaborative data science. The Turing Way book is collaboratively developed by its diverse community of researchers, learners, educators, and other stakeholders. The Turing Way project is openly developed and any and all questions, comments and recommendations are welcome at our github repository: https://github.com/alan-turing-institute/the-turing-way. In 2020, the project underwent a major overhaul categorising chapters into 5 guides on reproducible research, project design, collaboration, communication and ethical research. Additionally, we added a community handbook to document all the practices designed and implemented towards the development of the project and community. This release in 2021 includes additional chapters developed by our contributors across five guides and the community handbook. In addition, all the project documents from the project are provided as they appear on The Turing Way GitHub repository including the Zenodo metadata: https://github.com/alan-turing-institute/the-turing-way. Release log v1.2: Zenodo release from 2023-2024v1.1.0: Zenodo metadata information and additional chapters from Book Dash May and November 2022;v1.0.2: Zenodo metadata information and additional chapters since Book Dash November 2021;v1.0.1: Zenodo metadata information and additional chapters;v1.0.0: Five guide expansion of The Turing Way with a community handbook;v0.0.4: Continuous integration chapter merged to main;v0.0.3: Reproducible environments chapter merged to main;v0.0.2: Version control chapter merged to main;v0.0.1: Reproducibility chapter merged to main; Full Changelog: https://github.com/alan-turing-institute/the-turing-way/compare/v1.0.1...v1.0.2 (Previous release: https://github.com/alan-turing-institute/the-turing-way/compare/v0.0.3...v1.0.1) v1.2.0 \#\# What's Changed* Challenges with \& Pillars of OSS Sustainability* Update the unions page with more recommendations* Useful Resources subchapter for remote collab* edit instructions on Google Scholar citations* Add checklist and responsibility document for Fireside chat~* Local-build-instructions in a subchapter* Move welcome to index.md* edit alt-text to be more informative* Fixing the landing page deployment and updating redirects* Update the website footer to remove copyright assertion, and replace it with a link to the project licenses~* Fixed dead link to eScience Center language guides* Add Mastodon badge in News README.md* Updated files for new release and update release-workflow.md to add a missing step* add fireside speakers for eventOrganizing* adds Plausible Analytics* MAINT: remove mentions of travis* Create team-manual.md* Adding new set of images and compressing file larger than 700 kb* Add template for the translation* Update newsletters-process with Zenodo link and missing sections* Add mentions of the The Software Freedom Law Center \& Software Freedom Conservancy to the section in Machine Learning Model Licenses on license enforcement.* Add Book Dash reports from 2021 and 2022* Repositories chapter* Adding instructions for making your software on gitlab citable ~with Zenodo* Update pd-overview-planning.md* Update citable-steps.md (including hardware* Creating Academic-Industry Collaboration chapter and subchapters* Facilitating Stakeholder Engagement* Chapter on Hybrid Collaboration* Leadership chapter with 3 new subchapters and landing page* Data Governance for the ML Pipeline* Update ram.md (research application management)* Restructure link checking* rewrite version control for datasets~* Add a tag in presenting about The Turing Way chapter~* Update glossary.md -open hardware~* Add Landing Page for Infrastructure Documentation~* Update translation-getting-started.md~* Update reg registered reports chapter with case study* Registration forms sub-chapter* creating governance folder + adding coworking \& core team notes~* Remove sensitive links* Create Newsletter\_41\_Mar2023.md* Create Newsletter\_42\_Apr2023.md* Create Newsletter\_43\_May2023.md* Add link to Chinese readme* Update Localisation Guidelines* workflows: add accessibility alt-text bot.* Add a chapter about error management* Update coc documents to make the committee information up to date* Create licenses-hardware.md* Upload illustrations from the May Book Dash* Update citation information* Add GSoC files and include reports* The Environmental Impact of Digital Research* Update 2023-GSoC-Final-Report-arya* 2023 Digital Infrastructure Insights Fund RFP* Create newsletter\_40\_Feb2023.md* Create newsletter\_44\_Jun2023.md* Rename Newsletter\_41\_Mar2023.md* Rename Newsletter\_42\_April2023.md* Adding Slack policy to community handbook* Adding Open peer review image* Adding research infrastructure roles image* Adding valuing people-process image* Updating "Data Stewards" page with figure* Adding illustrations to academic-industry chapters* Updating references to Programming Historian* adding ethics-committee-with-text image* Added FAIR Wizard to DMP tools~* Use executable notebooks image in open notebooks section* Add image to cultural change* Add new resources to Open Education* Adding figure and alt-text to "The Environmental Impact of Digital Research" page* Create Newsletter\_40\_Feb2023.md~* Update the Research Data Management chapter* Data Feminism Landing Page* [Ready for review] Update Twitter references to use X* Add contents: write permission for crowdin workflow* Separate collaborators from contributors' files in the community handbook* Installing Python Package developed to provide user pathways to access a curated set of chapters* Update contributors to pathways work* adding new alt text for collaboration iceberg image~* Ethics-informed licensing - an extension of and partial re-write of the licencing section in reproducible research* Update citable-cite.md~* Update research data management data curation* Data hazards chapter release* Electronic Lab Notebooks Chapter~* Introducing Blobless Clones to Address Slow Internet Connections* Add reports and templates from Book Dash 2021~* Update social media chapter~* Update Crowdin Contributors table~* Adding access considerations and support to community handbook for events and moving alt text* Update communication-channels.md to add channel information* Update README.md - remove gitter link~* Domain migration banner~* Add sketch for DNS page~* Update slack-welcome-guide.md~* Reduce animation filesize* Add previous project reports* Create coworking and pm-core-20240321.md meeting notes* Share script for book stats for reporting* Create Newsletter\_39\_Jan2023.md* Updating 2022 Annual Report Archive* Upload Book Dash WG meeting notes from September 2023* Changing buttondown links to tinyletter* Add illustrations from November* WIP Inclusive Events* Update Organizing Conference file~* Adding Chapter on Hosting Events with Public Contributors* Update ways\_of\_working.md with role shifts* Collab Cafe page maintenance* Adding book-dash-collaboration* Update coworking-collabcafe.md~* Update netlify urls* Add a resource to Open Education* Add a resource to team manuals* licence vs license~ \#\# New Contributors \#\# New Contributors* @AlexandraAAJ made their first contribution in https://github.com/the-turing-way/the-turing-way/pull/2964* @gedankenstuecke made their first contribution in https://github.com/the-turing-way/the-turing-way/pull/2968* @LizHareDogs made their first contribution in https://github.com/the-turing-way/the-turing-way/pull/2971* @chrisdburr made their first contribution in https://github.com/the-turing-way/the-turing-way/pull/3010* @tpronk made their first contribution in https://github.com/the-turing-way/the-turing-way/pull/2995* @RealRichi3 made their first contribution in https://github.com/the-turing-way/the-turing-way/pull/2961* @shreyadimri made their first contribution in https://github.com/the-turing-way/the-turing-way/pull/3028* @RichardJActon made their first contribution in https://github.com/the-turing-way/the-turing-way/pull/3049* @emmac123 made their first contribution in https://github.com/the-turing-way/the-turing-way/pull/3069* @GabinWK made their first contribution in https://github.com/the-turing-way/the-turing-way/pull/3079* @luisaforozco made their first contribution in https://github.com/the-turing-way/the-turing-way/pull/3112* @spier made their first contribution in https://github.com/the-turing-way/the-turing-way/pull/3175* @srtee made their first contribution in https://github.com/the-turing-way/the-turing-way/pull/3199* @alexwlchan made their first contribution in https://github.com/the-turing-way/the-turing-way/pull/883* @mosoriob made their first contribution in https://github.com/the-turing-way/the-turing-way/pull/3278* @AaliyaK1391 made their first contribution in https://github.com/the-turing-way/the-turing-way/pull/3284* @arya1302 made their first contribution in https://github.com/the-turing-way/the-turing-way/pull/3296* @alee made their first contribution in https://github.com/the-turing-way/the-turing-way/pull/3300* @tobyhodges made their first contribution in https://github.com/the-turing-way/the-turing-way/pull/3274* @hanneoberman made their first contribution in https://github.com/the-turing-way/the-turing-way/pull/3336* @kallewesterling made their first contribution in https://github.com/the-turing-way/the-turing-way/pull/3374* @llewelld made their first contribution in https://github.com/the-turing-way/the-turing-way/pull/3347* @CeilidhWelsh made their first contribution in https://github.com/the-turing-way/the-turing-way/pull/3377* @krystofkomanec made their first contribution in https://github.com/the-turing-way/the-turing-way/pull/3244* @f-rower made their first contribution in https://github.com/the-turing-way/the-turing-way/pull/3414* @gigikenneth made their first contribution in https://github.com/the-turing-way/the-turing-way/pull/3417* @zimolzak made their first contribution in https://github.com/the-turing-way/the-turing-way/pull/3468* @Cghlewis made their first contribution in https://github.com/the-turing-way/the-turing-way/pull/3476* @nikitoshina made their first contribution in https://github.com/the-turing-way/the-turing-way/pull/3477* @richarddushime made their first contribution in https://github.com/the-turing-way/the-turing-way/pull/3519* @Adityagarg8384 made their first contribution in https://github.com/the-turing-way/the-turing-way/pull/3529* @Susana465 made their first contribution in https://github.com/the-turing-way/the-turing-way/pull/3539* @IshanG97 made their first contribution in https://github.com/the-turing-way/the-turing-way/pull/3646* @likeajumprope made their first contribution in https://github.com/the-turing-way/the-turing-way/pull/3659* @unshur made their first contribution in https://github.com/the-turing-way/the-turing-way/pull/3665* @SaraVilla made their first contribution in https://github.com/the-turing-way/the-turing-way/pull/3666* @NoorhanAbbas made their first contribution in https://github.com/the-turing-way/the-turing-way/pull/3668* @denisebianco made their first contribution in https://github.com/the-turing-way/the-turing-way/pull/3670* @nghuixin made their first contribution in https://github.com/the-turing-way/the-turing-way/pull/3667* @CDonesCU made their first contribution in https://github.com/the-turing-way/the-turing-way/pull/3671* @Zeena-Shawa made their first contribution in https://github.com/the-turing-way/the-turing-way/pull/3672* @njbaum83 made their first contribution in https://github.com/the-turing-way/the-turing-way/pull/3673* @nickyjgarland made their first contribution in https://github.com/the-turing-way/the-turing-way/pull/3674* @pre-commit-ci made their first contribution in https://github.com/the-turing-way/the-turing-way/pull/3695 **Full Changelog**: https://github.com/the-turing-way/the-turing-way/compare/v1.2.1...v1.2.2},
  organization = {Zenodo},
  version = {1.2.3},
  keywords = {collaboration,community,data science,ethics,handbook,reproducibility,research practices}
}

@online{twente2024,
  title = {Maxvogt-Analysis},
  author = {Twente, Moritz and Omonsky, Luisa},
  date = {2024-09-18},
  url = {https://mtwente.github.io/maxvogt-analysis/},
  abstract = {maxvogt-analysis contains spatial analyses and geodata for a research project on the railway architecture designed by Swiss architect Max Vogt. The repository includes documentation, notebooks, and a collection of geodata, following best practices for open research data. It uses the Open Research Data Template and includes a list of analyses and results.},
  langid = {english},
  organization = {maxvogt-analysis},
  file = {/Users/maehr0000/Zotero/storage/N96ZDJ8R/maxvogt-analysis.html}
}

@software{twente2024a,
  title = {Nordatlantisk-Ft},
  author = {Twente, Moritz},
  date = {2024-01-16},
  doi = {10.5281/ZENODO.10517955},
  url = {https://mtwente.github.io/nordatlantisk-ft},
  abstract = {Voting Records of Greenlandic and Faroese MPs in Folketinget.},
  organization = {Zenodo},
  version = {v0.1.0-alpha},
  keywords = {Faroe Islands,Folketinget,Greenland,Northatlantic Folketing,parliament data,parliamentary data,political science}
}

@online{twente2025b,
  title = {Modelling {{Marti}}},
  author = {Twente, Moritz},
  date = {2025-02-12},
  url = {https://mtwente.github.io/modelling-marti/},
  abstract = {Modelling Marti presents quantitative text analyses of publications by Hans Marti. The data in this repository is openly available to everyone and is intended to support reproducible research. The site follows the Advanced Structure for Data Analysis and includes analyses scripts, documentation, and a report.},
  langid = {english},
  organization = {modelling-marti},
  file = {/Users/maehr0000/Zotero/storage/8725VMEF/modelling-marti.html}
}

@online{twente2025c,
  title = {Sgb-Figures},
  author = {Twente, Moritz},
  date = {2025-03-17},
  url = {https://dokumentation.stadtgeschichtebasel.ch/sgb-figures/},
  abstract = {Figures, Code and Data for Stadt.Geschichte.Basel provides reproducible code and data used to create scientific illustrations for the Stadt.Geschichte.Basel research project. Each plot is linked to the research data platform, and the site includes raw data and scripts for processing, plotting, annotating and exporting the available illustrations.},
  langid = {english},
  organization = {sgb-figures},
  file = {/Users/maehr0000/Zotero/storage/WZK3FMDV/sgb-figures.html}
}

@article{wilkinson2016,
  title = {The {{FAIR Guiding Principles}} for Scientific Data Management and Stewardship},
  author = {Wilkinson, Mark D. and Dumontier, Michel and family=Aalbersberg, given=IJsbrand Jan, given-i={{IJ}}J and Appleton, Gabrielle and Axton, Myles and Baak, Arie and Blomberg, Niklas and Boiten, Jan-Willem and family=Silva Santos, given=Luiz Bonino, prefix=da, useprefix=true and Bourne, Philip E. and Bouwman, Jildau and Brookes, Anthony J. and Clark, Tim and Crosas, Mercè and Dillo, Ingrid and Dumon, Olivier and Edmunds, Scott and Evelo, Chris T. and Finkers, Richard and Gonzalez-Beltran, Alejandra and Gray, Alasdair J. G. and Groth, Paul and Goble, Carole and Grethe, Jeffrey S. and Heringa, Jaap and family=Hoen, given=Peter A. C., prefix=’t, useprefix=true and Hooft, Rob and Kuhn, Tobias and Kok, Ruben and Kok, Joost and Lusher, Scott J. and Martone, Maryann E. and Mons, Albert and Packer, Abel L. and Persson, Bengt and Rocca-Serra, Philippe and Roos, Marco and family=Schaik, given=Rene, prefix=van, useprefix=true and Sansone, Susanna-Assunta and Schultes, Erik and Sengstag, Thierry and Slater, Ted and Strawn, George and Swertz, Morris A. and Thompson, Mark and family=Lei, given=Johan, prefix=van der, useprefix=true and family=Mulligen, given=Erik, prefix=van, useprefix=true and Velterop, Jan and Waagmeester, Andra and Wittenburg, Peter and Wolstencroft, Katherine and Zhao, Jun and Mons, Barend},
  date = {2016-03-15},
  journaltitle = {Scientific Data},
  shortjournal = {Sci Data},
  volume = {3},
  number = {1},
  pages = {160018},
  publisher = {Nature Publishing Group},
  issn = {2052-4463},
  doi = {10.1038/sdata.2016.18},
  url = {https://www.nature.com/articles/sdata201618},
  abstract = {There is an urgent need to improve the infrastructure supporting the reuse of scholarly data. A diverse set of stakeholders—representing academia, industry, funding agencies, and scholarly publishers—have come together to design and jointly endorse a concise and measureable set of principles that we refer to as the FAIR Data Principles. The intent is that these may act as a guideline for those wishing to enhance the reusability of their data holdings. Distinct from peer initiatives that focus on the human scholar, the FAIR Principles put specific emphasis on enhancing the ability of machines to automatically find and use the data, in addition to supporting its reuse by individuals. This Comment is the first formal publication of the FAIR Principles, and includes the rationale behind them, and some exemplar implementations in the community.},
  langid = {english},
  keywords = {Publication characteristics,Research data},
  file = {/Users/maehr0000/Zotero/storage/34SN7HR8/Wilkinson et al. - 2016 - The FAIR Guiding Principles for scientific data management and stewardship.pdf}
}
